% -*- mode: bibtex; tab-width: 2; indent-tabs-mode: nil; -*-
%------------------------------------------------------------------------------
% MRISC32 ISA Manual - Bibliography.
%
% This work is licensed under the Creative Commons Attribution-ShareAlike 4.0
% International License. To view a copy of this license, visit
% http://creativecommons.org/licenses/by-sa/4.0/ or send a letter to
% Creative Commons, PO Box 1866, Mountain View, CA 94042, USA.
%------------------------------------------------------------------------------

@Misc{ieee754-2008,
  key       = "{IEEE}",
  title     = "{ANSI/IEEE Std 754-2008}, {IEEE} standard for
                floating-point arithmetic",
  publisher = {"Institute of Electrical and Electronic Engineers"},
  year      = 2008
}

